%! Author = Anastasia
%! Date = 10.04.2023
@book{infrmtechnol,
	title={Оценка и анализ рисков. Учебник},
	author={Т. Г., Гурнович and Е. А., Остапенко and С. А., Молчаненко},
	year={2022},
	publisher={Litres}
}

@book{informtechnology,
	title={Информационные технологии. Методы обеспечения безопасности. Системы управления информационной безопасностью. Требования : ISO/IEC 27001},
	author={А. В., Барабанов and А. В., Дорофеев},
	year={2022},
	publisher={Litres}
}

@book{managementsystem,
	title={Спецификация системы управления информационной безопасностью},
	author={ А. С., Марков and В. Л., Цирлов},
	year={2021},
	publisher={APS}
}
